<?xml version="1.0" encoding="utf-8"?>
<record xmlns="http://www.loc.gov/MARC21/slim" xmlns:xsi="http://www.w3.org/2001/XMLSchema-instance" xsi:schemaLocation="http://www.loc.gov/MARC21/slim http://www.loc.gov/standards/marcxml/schema/MARC21slim.xsd">
	<leader>     nam a22        4500</leader>
	<controlfield tag="001">b12926553</controlfield>
	<controlfield tag="003">UaCaAUL</controlfield>
	<controlfield tag="006">m        d        </controlfield>
	<controlfield tag="007">cr cn |||m|||a</controlfield>
	<controlfield tag="008">170907s1939    ua a    ob    000 0 ara d</controlfield>
	<datafield ind1=" " ind2=" " tag="040">
		<subfield code="a">NNU</subfield>
		<subfield code="b">eng</subfield>
		<subfield code="e">rda</subfield>
		<subfield code="c">NNU</subfield>
	</datafield>
	<datafield ind1=" " ind2=" " tag="066">
		<subfield code="c">(3</subfield>
	</datafield>
	<datafield ind1="1" ind2=" " tag="041">
		<subfield code="a">ara</subfield>
		<subfield code="h">per</subfield>
	</datafield>
	<datafield ind1=" " ind2="4" tag="050">
		<subfield code="a">B753</subfield>
		<subfield code="b">.R38 1939</subfield>
	</datafield>
	<datafield ind1="1" ind2=" " tag="100">
		<subfield code="6">880-01</subfield>
		<subfield code="a">Rāzī, Abū Bakr Muḥammad ibn Zakarīyā,</subfield>
		<subfield code="d">865?-925?,</subfield>
		<subfield code="e">author.</subfield>
	</datafield>
	<datafield ind1="1" ind2="0" tag="245">
		<subfield code="6">880-02</subfield>
		<subfield code="a">Rasāʼil falsafīyah /</subfield>
		<subfield code="c">li-Abī Bakr Muḥammad ibn Zakarīyā al-Rāzī ; maʻa qiṭaʻ baqiyat min kutubihi al-mafqūdah ; jamaʻahā wa-ṣaḥḥaḥahā P. Krāws.</subfield>
	</datafield>
	<datafield ind1="1" ind2="5" tag="246">
		<subfield code="a">Abi Bakr Mohammadi filii Zachariæ Raghensis (Razis) Opera philosophica</subfield>
	</datafield>
	<datafield ind1="1" ind2="5" tag="246">
		<subfield code="a">Opera philosophica</subfield>
	</datafield>
	<datafield ind1=" " ind2="1" tag="264">
		<subfield code="6">880-03</subfield>
		<subfield code="a">al-Qāhirah :</subfield>
		<subfield code="b">Maṭbaʻat Bawl Bārbīh,</subfield>
		<subfield code="c">1939.</subfield>
	</datafield>
	<datafield ind1=" " ind2=" " tag="300">
		<subfield code="a">online resource (316 pages) :</subfield>
		<subfield code="b">1 illustration</subfield>
	</datafield>
	<datafield ind1=" " ind2=" " tag="336">
		<subfield code="a">text</subfield>
		<subfield code="2">rdacontent</subfield>
	</datafield>
	<datafield ind1=" " ind2=" " tag="337">
		<subfield code="a">computer</subfield>
		<subfield code="2">rdamedia</subfield>
	</datafield>
	<datafield ind1=" " ind2=" " tag="338">
		<subfield code="a">online resource</subfield>
		<subfield code="2">rdacarrier</subfield>
	</datafield>
	<datafield ind1=" " ind2=" " tag="500">
		<subfield code="a">Arabic and Persian.</subfield>
	</datafield>
	<datafield ind1=" " ind2=" " tag="500">
		<subfield code="a">Added Latin t.p. title: Abi Bakr Mohammadi filii Zachariæ Raghensis (Razis) opera philosophica, fragmentaque quæ supersunt.</subfield>
	</datafield>
	<datafield ind1=" " ind2=" " tag="500">
		<subfield code="a">&quot;Al-Juzʼ 1.&quot; No more published.</subfield>
	</datafield>
	<datafield ind1=" " ind2=" " tag="500">
		<subfield code="6">880-04</subfield>
		<subfield code="a">At head of title page: Jāmiʻat Fuʼād al-Awwal / Kullīyat al-Ādāb ; al-muʼallaf raqm 22.</subfield>
	</datafield>
	<datafield ind1=" " ind2=" " tag="500">
		<subfield code="a">Part of the Arabic Collections Online (ACO) project, contributed by American University in Cairo Library.</subfield>
	</datafield>
	<datafield ind1=" " ind2=" " tag="504">
		<subfield code="a">Includes bibliographical references.</subfield>
	</datafield>
	<datafield ind1="0" ind2=" " tag="505">
		<subfield code="6">880-05</subfield>
		<subfield code="a">Kitāb al-ṭibb al-rūḥānī -- Kitāb al-sīrah al-falsafīyah -- Maqālah fīhā baʻda al-ṭabīʻah -- Maqālah fī amārāt al-iqbāl wa-al-dawlah -- Min Kitāb al-ladhdhah -- Min Kitāb al-ʻilm al-ilāhī -- al-Qawl fī al-qudamāʼ al-khamsah -- al-Qawl fī al-hayūlá -- al-Qawl fī al-zamān wa-al-makān -- al-Qawl fī al-nafs wa-al-ʻālam -- al-Munāẓarāt bayna Abī Ḥātim al-Rāzī wa-Abī Bakr al-Rāzī.</subfield>
	</datafield>
	<datafield ind1=" " ind2=" " tag="533">
		<subfield code="a">Electronic reproduction.</subfield>
		<subfield code="b">New York, N.Y. :</subfield>
		<subfield code="c">New York University,</subfield>
		<subfield code="d">2017.</subfield>
		<subfield code="5">NNU</subfield>
	</datafield>
	<datafield ind1=" " ind2="0" tag="650">
		<subfield code="a">Islamic philosophy</subfield>
		<subfield code="v">Early works to 1800.</subfield>
	</datafield>
	<datafield ind1=" " ind2="7" tag="650">
		<subfield code="a">Islamic philosophy.</subfield>
		<subfield code="2">fast</subfield>
		<subfield code="0">(OCoLC)fst01730358</subfield>
	</datafield>
	<datafield ind1=" " ind2="7" tag="655">
		<subfield code="a">Early works.</subfield>
		<subfield code="2">fast</subfield>
		<subfield code="0">(OCoLC)fst01411636</subfield>
	</datafield>
	<datafield ind1="1" ind2=" " tag="700">
		<subfield code="a">Kraus, Paul,</subfield>
		<subfield code="d">1904-1944,</subfield>
		<subfield code="e">editor.</subfield>
	</datafield>
	<datafield ind1="2" ind2=" " tag="710">
		<subfield code="6">880-06</subfield>
		<subfield code="a">Jāmiʻat Fuʼād al-Awwal.</subfield>
		<subfield code="b">Kullīyat al-Ādāb.</subfield>
	</datafield>
	<datafield ind1="2" ind2=" " tag="710">
		<subfield code="a">American University in Cairo.</subfield>
		<subfield code="b">Library.</subfield>
	</datafield>
	<datafield ind1="0" ind2=" " tag="730">
		<subfield code="a">Arabic Collections Online.</subfield>
	</datafield>
	<datafield ind1="0" ind2="8" tag="776">
		<subfield code="i">Print version:</subfield>
		<subfield code="a">Rāzī, Abū Bakr Muḥammad ibn Zakarīyā, 865?-925?, author.</subfield>
		<subfield code="t">Rasāʼil falsafīyah</subfield>
		<subfield code="w">(UaCaAUL)b12926553</subfield>
		<subfield code="w">(OCoLC)318941330</subfield>
	</datafield>
	<datafield ind1="4" ind2="0" tag="856">
		<subfield code="u">http://hdl.handle.net/2333.1/tb2rbv8k</subfield>
	</datafield>
	<datafield ind1="1" ind2=" " tag="880">
		<subfield code="6">100-01/(3/r</subfield>
		<subfield code="a">رازي، أبو بكر محمد بن زكريا،</subfield>
		<subfield code="d">865؟-925؟.</subfield>
	</datafield>
	<datafield ind1="1" ind2="0" tag="880">
		<subfield code="6">245-02/(3/r</subfield>
		<subfield code="a">رسائل فلسفية /</subfield>
		<subfield code="c">لأبي بكر محمد بن زكرياء الرازي ؛ مع قطع بقية من كتبه المفقودة ؛ جمعها وصححها ب. كراوس.</subfield>
	</datafield>
	<datafield ind1=" " ind2="1" tag="880">
		<subfield code="6">264-03/(3/r</subfield>
		<subfield code="a">القاهرة :</subfield>
		<subfield code="b">مطبعة بول بربيه،</subfield>
		<subfield code="c">1939.</subfield>
	</datafield>
	<datafield ind1=" " ind2=" " tag="880">
		<subfield code="6">500-04/(3/r</subfield>
		<subfield code="a">At head of title page: جامعة فؤاد الأول / كلية الآداب ؛ المؤلف رقم 22.</subfield>
	</datafield>
	<datafield ind1="0" ind2=" " tag="880">
		<subfield code="6">505-05/(3/r</subfield>
		<subfield code="a">كتاب الطب الروحاني -- كتاب السيرة الفلسفية -- مقالة فيها بعد الطبيعة -- مقالة في أمارات الإقبال والدولة -- من كتاب اللذة -- من كتاب العلم الإلهي -- القول في القدماء الخمسة -- القول في الهيولى -- القول في الزمان والمكان -- القول في النفس والعالم -- المناظرات بين أبي حاتم الرازي وبي بكر الرازي.</subfield>
	</datafield>
	<datafield ind1="2" ind2=" " tag="880">
		<subfield code="6">710-06/(3/r</subfield>
		<subfield code="a">جامعة فؤاد الأول.</subfield>
		<subfield code="b">كلية الآداب.</subfield>
	</datafield>
	<datafield ind1=" " ind2=" " tag="959">
		<subfield code="a">NNU</subfield>
		<subfield code="b">WEB</subfield>
		<subfield code="c">GENI</subfield>
		<subfield code="t">0</subfield>
		<subfield code="m">Electronic access</subfield>
		<subfield code="s">01</subfield>
	</datafield>
	<datafield ind1=" " ind2=" " tag="999">
		<subfield code="i">UaCaAUL_b12926553</subfield>
		<subfield code="o">(OCoLC)ocn318941330</subfield>
		<subfield code="s">auc_aco000121:v.1</subfield>
		<subfield code="e">(ERROR-880)</subfield>
	</datafield>
</record>
